<?xml version="1.0" encoding="UTF-8"?><record xmlns="http://www.loc.gov/MARC21/slim" xmlns:cinclude="http://apache.org/cocoon/include/1.0" xmlns:zs="http://www.loc.gov/zing/srw/">
  <leader>00498nz  a2200121n  4500</leader>
  <controlfield tag="001">n 2006019836</controlfield>
  <controlfield tag="003">DLC</controlfield>
  <controlfield tag="005">20060316094201.0</controlfield>
  <controlfield tag="008">060316n| acannaabn          |n ana      </controlfield>
  <datafield tag="010" ind1=" " ind2=" ">
    <subfield code="a">n 2006019836</subfield>
  </datafield>
  <datafield tag="040" ind1=" " ind2=" ">
    <subfield code="a">DLC</subfield>
    <subfield code="b">eng</subfield>
    <subfield code="c">DLC</subfield>
  </datafield>
  <datafield tag="110" ind1="2" ind2=" ">
    <subfield code="a">Ustʹ-Aldanskai︠a︡ t︠s︡entralʹnai︠a︡ ulusnai︠a︡ biblioteka</subfield>
  </datafield>
  <datafield tag="670" ind1=" " ind2=" ">
    <subfield code="a">Ustʹ-Aldanskai︠a︡ t︠s︡entralʹnai︠a︡ ulusnai︠a︡ biblioteka, 1924-1999 gg., 2000:</subfield>
    <subfield code="b">t.p. (Ustʹ-Aldanskai︠a︡ t︠s︡entralʹnai︠a︡ ulusnai︠a︡ biblioteka)</subfield>
  </datafield>
</record>